2925 5017
537 260 697 338 3324
1206 257 1735 337 Proverbia..
1790 255 1973 356 Cap.
2025 258 2079 333 1.
2202 300 2209 307 -

542 460 704 529 tan-⁰3
753 459 934 533 πιῃῃ.
1035 449 1140 511 Est
1176 455 1373 512 autem
1423 443 1647 535 ffimg'q
1699 448 1890 527 forma
1940 445 2293 509 secundaria
2334 445 2560 508 formae
2604 454 2778 517 rra-,⁸

543 557 621 620 ef.
660 542 859 625 :rabbi-t
912 560 972 617 et
1010 542 1223 626 τιῆδξρξ-ι.
1312 561 1505 620 Foris
1520 603 1542 636 ,
1582 561 1654 619 in
1703 557 1931 632 plateis
1973 569 2123 632 quae
2177 552 2387 616 elamat
2440 554 2745 632 sapientia,

438 670 530 722 21.
544 661 741 743 palam
782 661 1022 732 elamat,
1065 660 1442 724 audientibus
1483 653 1780 723 omnibus.
1825 692 1905 704 -—-·
1935 662 2015 721 In
2055 663 2299 737 eapite,
2342 659 2606 737 compito
2647 667 2744 722 lo-

543 789 762 835 corum
792 771 1203 844 strepentium
1242 775 1473 832 clamat
1482 790 1505 845 ,-
1547 770 1627 830 In
1668 768 1844 829 ostiis
1884 774 2252 842 portarum,
2293 768 2365 827 in
2387 771 2553 834 urbe
2576 769 2746 829 dieta

538 894 660 938 sua
700 877 866 937 dicit.
956 868 1095 931 ῶιέῆ
1134 880 1199 955 ut
1237 873 1455 936 Thren.
1486 872 1559 942 2,
1610 870 1709 934 19.
1799 862 1996 938 iswah
2023 869 2178 931 Part.
2211 870 2331 932 vim
2363 869 2600 931 habens
2638 889 2744 930 no-

541 960 724 1040 minis
779 977 1155 1040 substantivi:
1220 985 1365 1042 loca
1420 981 1774 1056 strepentia
1822 975 2011 1038 turbis
2067 973 2603 1038 discursitantibus·
2666 974 2741 1039 ef.

540 1085 664 1148 Jes.
694 1083 796 1155 22,
826 1082 886 1146 2.
974 1083 1108 1144 Non
1140 1083 1486 1146 necessario
1527 1083 1821 1161 cogitatur
1853 1081 1930 1142 de
1968 1080 2197 1160 plateis.
2287 1088 2437 1160 ’Ἥρῃ
2481 1082 2552 1143 ab
2590 1088 2747 1144 ante-

439 1206 524 1259 22.
542 1188 888 1252 cedentibus
918 1188 1251 1267 separabi83
1292 1191 1388 1252 sin
1414 1188 1642 1258 miuus,
1687 1189 1829 1249 satis
1858 1188 2116 1249 otiosum
2157 1189 2283 1249 erit.
2327 1198 2406 1232 '—
2454 1193 2743 1271 „Quous-

539 1316 681 1378 que,
708 1297 1017 1372 imperiti,
1048 1299 1328 1377 amabilis
1355 1299 1769 1373 imperitiam,
1797 1303 1885 1358 Et
1909 1297 2256 1370 irrisores,
2285 1293 2326 1353 i.
2361 1310 2412 1354 e.
2448 1294 2548 1373 qui
2577 1310 2747 1354 sane-

535 1400 769 1465 tissima
824 1415 1092 1480 quaeque
1144 1399 1375 1479 pietatis
1429 1388 1742 1482 praecepta
1784 1399 2065 1480 ferociter
2106 1405 2522 1469 contemnunt,
2579 1402 2746 1462 irri-

541 1512 723 1572 sione
762 1513 1188 1583 delectantur,
1232 1505 1675 1570 delectabuntur
1713 1510 1864 1584 sibi,
1906 1513 1990 1568 Et
2029 1511 2203 1570 stulti
2244 1511 2388 1570 odio
2431 1511 2748 1569 habebunt

487 1632 492 1643 ‘
544 1617 915 1685 scientim?
956 1617 1166 1696 ant-3323
1207 1611 1323 1672 hoe
1364 1613 1498 1674 solo
1539 1612 1706 1684 loeo,
1752 1613 1946 1692 quoad
1987 1611 2196 1673 sedem
2234 1611 2457 1674 vocalis
2485 1612 2661 1691 plane
2686 1616 2753 1673 ut.

439 1705 813 1802 ²³0²¹³⁷=¹233132
840 1735 950 1797 pro
982 1723 1223 1800 naggara,
1252 1717 1327 1780 ef.
1355 1728 1541 1795 πῃκιῖι,
1573 1719 1709 1783 eoll.
1752 1718 1824 1782 G.
1852 1734 1934 1797 gr.
1976 1718 2119 1779 min.
2149 1717 2206 1797 §.
2243 1715 2344 1788 67,
2378 1716 2433 1776 1.
2466 1751 2548 1763 --
2578 1714 2746 1778 Gon-

542 1829 810 1890 vertatis
861 1844 970 1886 vos
1014 1831 1099 1886 ad
1135 1814 1702 1901 reprehensionem
1736 1832 1972 1887 meam!
2025 1832 2128 1887 En
2141 1871 2162 1905 ,
2221 1826 2536 1907 efflmdam
2572 1826 2748 1885 vobis
2798 1833 2807 1845 ¹

547 1935 841 2009 spiritum
861 1916 1061 1992 meurn
1077 1976 1099 2008 ,
1142 1938 1403 1992 mentem
1437 1948 1635 1992 meam
1650 1976 1666 2002 ,
1709 1931 1957 2008 cogitata
1985 1948 2147 1999 mea,
2191 1929 2266 1992 ef.
2294 1928 2457 2008 quod
2485 1918 2753 2007 sequitur

438 2045 525 2100 24.
545 2036 875 2098 membrum
928 2035 1192 2107 tertium,
1259 2043 1430 2100 Nota
1497 2041 1734 2111 faciam
1783 2042 1982 2099 verba
2018 2057 2158 2098 mea
2203 2040 2400 2098 robis.
2449 2073 2522 2082 —-
2572 2032 2753 2108 „Post

542 2140 911 2219 interiectam
950 2140 1208 2220 aliquam
1246 2160 1502 2226 moram,
1541 2160 1719 2222 quum
1761 2141 1837 2203 ad
1874 2142 2096 2223 monita
2138 2159 2244 2202 sua
2292 2140 2584 2202 audienda
2609 2138 2753 2200 invi-

542 2246 686 2309 tanti
724 2264 904 2308 nemo
941 2263 1143 2308 aurem
1183 2248 1526 2328 praeberet,
1568 2250 1647 2311 ita
1700 2238 1887 2329 pergit
1925 2250 2069 2309 cet.“
2171 2247 2313 2308 Ros.
2417 2246 2486 2306 ln
2542 2244 2752 2306 eadem

539 2352 838 2414 sententia
872 2351 1211 2415 Umbreitus
1227 2400 1243 2425 ‚
1287 2353 1405 2416 alii.
1499 2355 1619 2441 Sed
1659 2355 1820 2417 nulla
1861 2372 2010 2433 opus
2039 2359 2133 2415 est
2157 2370 2340 2415 mora.
2431 2350 2554 2412 lam
2581 2357 2753 2412 antea

465 2535 472 2542 Α
523 2457 885 2520 'invitaverat
925 2444 1243 2538 sapientia,
1299 2462 1608 2523 noluerant
1647 2478 1846 2523 aurem
1896 2459 2185 2540 praebere
2237 2458 2483 2521 invitati.
2530 2456 2606 2517 ef.
2661 2472 2750 2518 vs.

545 2562 650 2624 22.
743 2565 944 2643 ltaque
972 2566 1293 2643 sapientia,
1336 2567 1646 2647 quoniam,
1689 2567 1909 2647 inquit,
1954 2566 2031 2629 ad
2057 2567 2174 2628 boe
2198 2582 2392 2645 usque
2415 2571 2648 2643 tempus
2677 2561 2753 2623 ad

546 2666 839 2729 audienda
877 2686 1015 2729 mea
1053 2672 1296 2757 monita
1317 2679 1626 2734 vocantem
1667 2672 1877 2734 audire.
1908 2671 2216 2733 noluistis:
2257 2688 2455 2750 neque
2497 2689 2606 2748 ego
2642 2686 2751 2732 vos

546 2772 810 2843 audiam,
871 2774 926 2833 si
980 2777 1255 2852 oppressi
1310 2776 1483 2835 malis
1542 2776 1604 2835 in
1645 2776 1918 2837 auxilium
1959 2794 2057 2836 me
2097 2775 2447 2839 vocaveritis
2490 2775 2572 2836 24
2619 2793 2752 2855 sqq.

544 2880 712 2955 Quia
748 2881 1004 2954 vocavi,
1060 2888 1123 2941 et
1161 2898 1268 2941 vos
1313 2882 1657 2957 renuistis,
1710 2884 1997 2944 Eoetencti
2044 2860 2297 2944 maman
2347 2901 2580 2958 mecon,
2633 2899 2755 2944 nee

440 2980 673 3058 &efflabit
700 2988 835 3064 ‘qui
880 2991 1255 3064 attenderet,
1302 3002 1376 3034 —-‘
1418 2994 1507 3051 Et
1542 2990 1857 3059 rejecistis
1911 3010 2089 3052 omne
2139 2991 2478 3052 consilium
2530 3006 2752 3064 meum,

440 3093 528 3149 26.
542 3095 632 3155 Et
676 3094 1241 3166 reprehensionem
1295 3090 1494 3156 meam
1556 3093 1897 3173 noluistis,
1960 3094 2317 3173 repudiastis
2337 3117 2356 3156 .·
2414 3133 2488 3142 --
2544 3095 2758 3156 Etiam

543 3213 657 3271 eqo
699 3213 821 3256 non
861 3196 1123 3259 auditura
1172 3202 1242 3261 in
1284 3204 1484 3262 emino
1525 3212 1743 3264 vestro
1782 3205 2040 3280 ridebo,
2093 3206 2517 3265 Subsannabo
2535 3244 2556 3275 ,
2585 3219 2590 3222 ·
2615 3217 2755 3260 cum

542 3304 798 3369 venerit
818 3312 1039 3364 terror
1064 3313 1296 3366 vester.
1387 3304 1719 3368 Verborum
1757 3314 1859 3371 ’πῆ
1897 3316 2098 3386 nm?
2134 3314 2227 3383 '3³22
2264 3325 2351 3369 VS.
2397 3305 2500 3366 24.
2545 3304 2756 3366 eadem

543 3406 694 3468 ratio
723 3413 812 3467 est
855 3424 1003 3486 quae
1030 3407 1088 3469 ll.
1118 3408 1239 3471 JeS.
1284 3408 1349 3480 5,
1383 3409 1440 3471 4.
1474 3411 1587 3482 5⁰,
1617 3413 1677 3475 2.
1709 3419 1817 3474 eet.
1909 3413 2056 3474 Sunt
2100 3414 2260 3473 enim
2299 3432 2439 3492 pro:
2483 3411 2618 3491 quia
2656 3427 2758 3472 me

440 3512 529 3568 27
544 3519 792 3574 vocante
833 3513 1115 3575 renuistis
1160 3520 1269 3576 eet.
1312 3551 1391 3561 —-
1434 3516 1600 3590 Quae
1639 3519 1757 3580 boe
1794 3538 1882 3581 vs.
1927 3518 2219 3580 habentur
2268 3534 2404 3579 eum
2447 3535 2755 3598 praegres-

544 3616 648 3679 sis
678 3617 953 3697 copulant
979 3617 1342 3699 interpretes
1384 3630 1631 3708 excepto
1675 3622 1751 3684 de
1790 3624 2040 3695 Wettio,
2082 3623 2184 3705 qui
2228 3642 2297 3685 ea
2339 3641 2475 3685 eum
2512 3642 2600 3686 vs.
2646 3622 2754 3684 28.

545 3723 943 3785 construenda
968 3724 1219 3804 putavit:
1260 3735 1451 3801 reete,
1497 3732 1739 3810 opinor3
1779 3731 1869 3792 sio
1889 3799 1893 3803 ‚
1911 3731 2070 3793 enim
2110 3730 2301 3810 major
2324 3729 2641 3793 verborum
2663 3730 2759 3791 vis

545 3829 746 3891 oritur.
849 3828 1025 3891 Favet
1072 3831 1312 3910 quidem
1358 3836 1541 3914 priori
1583 3836 1936 3907 sententiae,
1992 3838 2155 3915 quod
2204 3857 2292 3901 vs.
2335 3836 2438 3897 27.
2497 3837 2757 3915 scriptor

544 3935 806 3997 secunda
845 3953 1101 4016 persona
1139 3940 1341 4010 utitur,
1383 3948 1448 4001 ut
1472 3960 1560 4003 vs.
1591 3942 1695 4002 24.
1725 3941 1828 4003 25.
1859 3940 1998 4013 26.,
2041 3952 2244 4006 eontra
2284 3962 2370 4006 va.
2416 3940 2535 4004 28.
2559 3941 2761 4005 tertia.

546 4038 670 4101 Sed
707 4040 839 4104 leve
877 4042 995 4105 hoe
1032 4043 1288 4115 videtur,
1345 4062 1524 4125 quum
1562 4044 2045 4126 frequentissima
2085 4051 2163 4111 sit
2202 4062 2588 4129 personarum
2631 4066 2764 4111 mu-

541 4145 710 4207 tatio.
801 4147 1077 4211 Ceterum
1116 4149 1179 4210 in
1222 4150 1334 4211 hae
1375 4168 1528 4215 nova
1570 4154 1863 4215 sententia
1897 4155 2156 4234 scriptor
2194 4172 2313 4215 non
2356 4153 2487 4214 sine
2529 4152 2765 4233 elegan-

543 4250 626 4312 tia
650 4252 866 4331 r‘epetit
889 4258 1108 4339 efflue„
1137 4263 1196 4317 et
1224 4261 1458 4340 ετξ-Γᾷ,
1505 4257 1616 4318 sed
1657 4266 1891 4320 auctum
1918 4267 2260 4339 utrumque,
2289 4258 2452 4337 prius
2479 4259 2762 4339 apposito

542 4355 765 4440 rmmz,
779 4402 797 4429 ,
835 4361 1131 4438 posterius
1160 4361 1362 4425 addito
1390 4367 1615 4443 ruffina.
1708 4367 1863 4428 Cum
1884 4370 2141 4428 voterit
2157 4374 2231 4428 ut
2256 4374 2589 4442 tempestas
2619 4375 2763 4429 ter·-

542 4486 664 4529 ror
704 4475 954 4540 vester,
998 4473 1084 4531 Et
1120 4472 1385 4532 exitium
1422 4479 1700 4533 vestrum
1741 4472 1816 4535 aa
1841 4476 2026 4539 herbo
2058 4474 2415 4551 inmcerit,
2462 4471 2613 4536 man
2639 4482 2761 4533 su-
