2925 5017
0 4110 6 4151 l

0 4214 10 4261 Ι

1 4330 12 4375 Ι

0 4434 14 4481 Ι

1 4543 14 4591 Ι

823 280 1359 354 proverbia.
1414 247 1599 376 Cap.
1654 278 1777 367 1„
2226 274 2367 355 3⁸71

179 467 371 531 subito
392 475 454 530 te
483 467 827 531 translatum
850 469 1021 533 vides
1050 466 1125 530 ad
1162 466 1464 546 specialia,
1501 484 1537 528 a
1574 465 1930 546 specialibus
1970 467 2048 529 ad
2068 468 2375 547 generalia,

157 575 333 637 nullo
384 583 619 638 servato
675 575 903 654 ordine.
1006 574 1310 636 Tractatur
1370 572 1583 635 eadem
1635 590 1735 645 res
1789 573 2038 639 diversis
2088 575 2238 636 locis
2286 582 2376 637 ter

124 734 132 745 ,
174 686 509 760 quaterque.
610 680 995 742 Conferantm
1050 678 1204 742 inter
1254 696 1323 740 se
1369 678 1747 756 Argumenta.
1851 678 2173 758 Repererat
2228 680 2375 741 scri-

173 792 305 865 ptor
352 793 586 867 praeter
624 786 1093 865 elegantissimas
1133 786 1265 847 illas
1303 803 1455 865 quae
1508 781 1590 844 10
1611 828 1626 855 ,
1679 783 1890 846 1-22
1910 829 1928 855 ,
1958 783 2077 867 16.
2131 786 2377 864 legimus

93 886 103 895 “
179 892 494 954 sententias
562 890 927 954 hortationes
998 892 1249 954 aliorum
1302 891 1378 951 ad
1445 889 1986 952 commendandum
2053 891 2380 970 sapientiae

178 996 433 1069 studium
479 996 724 1059 idoneas
776 1004 835 1058 et
878 1004 1198 1077 praecepta
1246 1015 1513 1069 morum,
1579 990 1791 1077 quihus
1839 997 2093 1077 fortasse
2142 997 2217 1058 de
2267 1014 2381 1058 suo

179 1101 367 1182 aliqua
415 1101 725 1180 adjecerat.
816 1102 1011 1176 Quae,
1060 1121 1239 1183 quum
1287 1110 1347 1164 et
1386 1103 1521 1182 ipsa
1570 1103 1746 1182 digna
1763 1104 1908 1169 ,visa
1946 1109 2179 1174 essent,
2230 1117 2381 1181 quae

179 1208 248 1270 ab
277 1209 514 1299 interitu
547 1207 1009 1281 vindicarentur,
1063 1226 1199 1271 cum
1245 1211 1562 1271 sententiis
1615 1226 1793 1288 supra
1844 1208 2185 1270 memoratis
2231 1224 2384 1287 quae

179 1332 329 1375 nunc
367 1312 631 1375 efficiunt
662 1321 900 1393 partem.
924 1314 1278 1387 secundam,
1330 1315 1549 1378 eodem
1597 1314 1805 1376 ordine
1840 1332 1971 1394 quo
2021 1313 2273 1377 habehat
2321 1314 2385 1376 in

179 1420 448 1482 manibus
511 1422 576 1481 in
635 1438 816 1482 unum
867 1439 1084 1502 corpus
1136 1422 1401 1501 cogenda
1446 1430 1507 1484 et
1521 1468 1538 1494 ,
1592 1439 1773 1502 quum
1821 1420 2098 1502 pleraque
2144 1436 2383 1497 genera·

177 1524 250 1585 lis
297 1525 624 1602 argumenti
660 1535 892 1611 essent.
945 1528 1066 1591 illis
1112 1530 1541 1609 praemittenda
1582 1526 1817 1607 putavit.
1910 1524 2140 1599 Quibus
2175 1533 2383 1604 postea
2420 1553 2427 1557 ·

175 1631 270 1692 vel
306 1631 379 1694 ab
416 1633 551 1712 ipso
589 1633 684 1696 vel
720 1632 793 1694 ab
831 1633 961 1696 aliis
999 1638 1196 1716 partes
1232 1636 1525 1716 reliquae,
1574 1651 1689 1696 una
1741 1639 1878 1713 post
1926 1628 2209 1714 alteram,⁴
2246 1630 2385 1693 sub-

166 1737 358 1814 Jectae
408 1747 561 1801 sunt.
657 1740 939 1803 ‘Ceterum
989 1749 1053 1804 ut
1105 1750 1460 1821 argumento*
1498 1741 1587 1802 sic
1650 1739 1917 1802 oratione
1980 1736 2176 1803 differt
2235 1739 2384 1800 haec

177 1861 348 1923 quam
399 1862 540 1924 prae
606 1844 876 1909 manibus
940 1849 1227 1910 habemus
1283 1867 1316 1909 a
1370 1847 1632 1909 secunda
1670 1845 1952 1912 .maxime
2016 1843 2150 1907 libri
2199 1850 2383 1927 parte.

173 1947 361 2011 Ratae
409 1950 507 2011 hic
560 1953 888 2014 sententiae
942 1956 1092 2016 intra
1151 1955 1323 2016 unius
1389 1953 1701 2015 commatis
1755 1952 1974 2013 limites
2031 1952 2380 2021 conclusam

171 2053 409 2130 junctae
443 2056 764 2137 pleraeque
802 2076 911 2140 per
947 2060 1173 2139 singula
1209 2062 1431 2139 capita,
1481 2067 1640 2122 certe
1666 2076 1775 2139 per
1810 2059 2033 2138 aliquot
2071 2066 2379 2131 commata,

175 2159 238 2221 id
274 2161 434 2240 quod
459 2160 586 2238 jam
621 2181 799 2242 supra
823 2166 1141 2245 tetigimus,
1178 2165 1586 2228 Membrorurn
1620 2165 2049 2245 parallelismus
2082 2164 2381 2227 interdum

175 2266 527 2344 negtectior‚
576 2268 887 2348 aliquoties
923 2273 1159 2352 penitus
1209 2273 1532 2351 neglectus.
1637 2271 1848 2332 Sermo
1909 2269 2099 2330 fusior
2143 2276 2204 2330 et
2239 2270 2380 2331 faci-
2497 2334 2503 2347 ,

171 2371 286 2432 lior
334 2371 410 2434 ad
456 2374 928 2452 intelligendum,
992 2378 1101 2441 sed
1160 2377 1321 2440 idem
1367 2380 1566 2441 minus
1617 2378 1851 2456 elegans
1867 2421 1883 2448 ‚
1944 2375 2206 2456 quamvis
2256 2393 2377 2438 non
2423 2447 2437 2456 Ι

168 2474 366 2539 desint
398 2470 553 2558 'quae
589 2478 829 2543 niteant.
881 2542 884 2557 1

346 2583 510 2646 CAP.
560 2585 615 2656 1,
670 2587 902 2651 7-33,
985 2586 1097 2659 ΥΒ.
1151 2589 1211 2651 7.
1261 2592 1441 2653 timor
1495 2591 1597 2653 dei
1634 2582 1844 2652 ‘omnis
1895 2588 2223 2669 sapientiae
2268 2592 2376 2654 ini-

162 2689 312 2777 tium
348 2697 407 2752 et
442 2691 888 2756 fundamentum
924 2704 1033 2759 est.
1072 2695 1135 2759 8.
1175 2695 1235 2760 9.
1275 2686 1474 2762 audiat
1501 2696 1739 2774 juvenis
1781 2703 2088 2776 parentum
2134 2700 2372 2770 monita,
2414 2706 2430 2737 ·’

162 2813 463 2865 summum
509 2797 693 2861 decus
747 2808 808 2862 et
853 2807 1297 2865 ornamentum!
1341 2802 1617 2865 10--19.
1660 2802 2000 2865 hominibus
2041 2802 2373 2877 insidiosis,

164 2904 634 2982 sanguinolentis
650 2950 667 2975 ‚
716 2907 1026 2987 rapacibus
1082 2925 1159 2969 ne
1195 2924 1265 2970 se
1301 2909 1538 2972 addicat
1563 2909 1801 2987 juvenis
1819 2954 1835 2980 ,
1887 2909 2107 2988 quippe
2155 2912 2375 2972 ruenti-

158 3008 274 3070 bus
326 3010 389 3071 in
438 3010 700 3073 exitium.
802 3013 887 3075 20
904 3048 986 3058 —
1003 3014 1106 3074 23.
1157 3015 1468 3093 imperitos
1522 3014 1599 3075 ad
1649 3032 1754 3076 sua
1814 3013 2036 3074 monita
2083 3013 2374 3077 audienda
2458 2997 2465 3005 ⁴

158 3114 360 3201 palam
391 3115 595 3177 invitat
632 3117 952 3196 sapientia,
1007 3116 1286 3178 alt—33.
1323 3118 1453 3179 fore
1494 3116 1734 3187 dicens,
1784 3124 1848 3178 ut
1893 3134 2016 3176 non
2066 3116 2387 3185 audientes,

154 3220 221 3281 in
270 3219 449 3282 rebus
502 3219 767 3282 adversis
821 3222 893 3284 ab
943 3224 1090 3302 ipsa·
1128 3221 1394 3284 derelicti
1455 3224 1629 3301 digna
1678 3223 1803 3285 suis
1855 3221 2063 3284 studiis
2113 3223 2387 3302 praemia*

154 3327 368 3389 ferant.
423 3360 505 3375 ——
544 3331 757 3391 Timur
806 3328 1007 3392 Jovae
1053 3334 1148 3390 est
1197 3334 1586 3408 principium
1630 3334 1972 3406 scientiae,
2035 3328 2262 3391 initium
2311 3303 2435 3391 691.

156 3434 611 3497 fundamentum
659 3433 972 3499 universae
1020 3434 1303 3496 scientiae
1317 3481 1332 3506 ,
1396 3440 1794 3513 sapientiem
1854 3445 1917 3500 et
1976 3437 2371 3512 disciplinam

159 3545 346 3604 stulti
392 3550 809 3606 contemnunt.
909 3542 1016 3604 Est
1058 3541 1210 3602 haec
1259 3544 1553 3605 sententia
1602 3542 1944 3624 principalis
1990 3541 2170 3603 totius
2213 3538 2368 3607 libri,

151 3646 316 3707 male
368 3645 552 3707 relata
618 3645 694 3707 ab
739 3644 980 3710 Ewaldo
1048 3646 1128 3708 ad*
1173 3648 1642 3729 inscriptionem.
1747 3648 1823 3710 cf.
1888 3647 1960 3720 9,
2015 3645 2131 3708 10:
2188 3635 2372 3729 2³55th

151 3743 314 3831 nite-‚3
363 3755 524 3834 ηις-ῃ
561 3758 780 3832 πῃπῇ,
831 3752 929 3814 Ps.
973 3752 1126 3824 111,
1181 3752 1297 3815 1⁰2
1348 3747 1501 3839 τήν-’.ζ
1537 3760 1696 3840 ηις-ῃ
1734 3762 1925 3837 3⁷2².ss
1958 3753 2200 3824 κνήμῃ,
2234 3751 2368 3814 Job.

150 3857 260 3929 28,
303 3855 420 3933 28:
454 3864 643 3940 Πηξη
674 3866 791 3926 &³25
829 3854 973 3943 πήρη..
1005 3866 1188 3943 ηις-ῃ,
1227 3861 1364 3922 coll.
1404 3869 1527 3923 not.
1551 3862 1627 3924 ad
1657 3861 1778 3923 Jes.
1823 3860 1923 3932 11,
1962 3862 2022 3924 2.
2060 3896 2144 3906 —
2183 3865 2449 3940 Anaz&

145 3971 238 4029 aa
260 3948 406 4045 fia,
458 3967 858 4040 disciplinam
900 3970 1114 4042 patris
1165 3970 1291 4043 tui,
1345 3973 1480 4031 Nec
1531 3974 1797 4030 aeman
1846 3971 2202 4031 soca-inm
2230 3986 2368 4032 ma-

147 4076 280 4137 tris
321 4078 509 4136 mae!
555 4073 762 4134 Putas
799 4070 1125 4150 appellatur
1159 4070 1487 4151 discipulus
1539 4072 1606 4142 2,
1663 4072 1719 4133 1.
1773 4070 1811 4132 3
1833 4118 1848 4143 ,
1904 4071 1960 4134 1.
2013 4072 2118 4143 aL,
2169 4090 2369 4154 quem·-

147 4177 478 4241 admodum
525 4180 735 4255 patris
785 4176 1032 4238 nomine
1081 4176 1401 4239 salmantur
1462 4177 1728 4257 magistri
1781 4178 1812 4238 1
1873 4177 2029 4241 Sam.
2086 4178 2196 4250 10,
2264 4182 2364 4242 12.

147 4316 238 4333 --
276 4289 439 4346 Nam
473 4302 720 4347 corona
766 4281 979 4345 florum
1025 4290 1304 4360 pulchra
1345 4290 1461 4349 illa
1485 4293 1639 4347 sunt
1670 4286 1867 4361 capiti
1903 4292 2011 4349 mo
2023 4331 2046 4362 ,
2094 4291 2182 4348 Et
2224 4296 2364 4349 tor·
2382 4289 2433 4342 9·

143 4404 311 4471 ques
363 4396 521 4452 eollo
560 4399 686 4453 two.
752 4393 840 4459 Εἴ,
855 4435 876 4467 ,
920 4389 1237 4469 disciplina
1272 4390 1460 4471 patris
1511 4399 1571 4453 et
1616 4390 1819 4452 matris
1863 4390 2128 4454 doctrina
2162 4408 2250 4452 vs.
2280 4387 2365 4459 8.,

140 4511 179 4555 a
233 4500 303 4553 te
353 4502 611 4573 accepta.
666 4529 748 4543 —-
797 4499 892 4557 Ma·
939 4499 1069 4573 fili,
1137 4498 1194 4559 ei
1257 4500 1648 4572 pelkoeem'm
1694 4506 1757 4558 te
1810 4508 2216 4575 peccatores,
2267 4496 2466 4558 ΜΠ).

1790 4599 1874 4664 26
1908 4599 1949 4640 ¹*
2184 4622 2193 4631 ·
