2925 5017
456 599 539 650 11.

556 294 725 372 486
1127 291 1641 402 Proverbia-
1698 284 1881 383 Gap.
1932 283 2184 361 XXV.

555 488 683 548 mia
713 493 824 547 tua
851 502 985 546 non
1010 488 1293 556 recedat,
1322 462 1622 557 nunquam
1653 493 1686 536 a
1710 481 1772 536 te
1801 472 2075 544 recedat,
2108 471 2469 553 sempiterna
2491 471 2603 540 tihi
2638 474 2764 536 inu-
2910 404 2915 579 1

558 594 713 652 ratur
738 594 877 650 nota
905 586 1197 651 infamiae.
1286 581 1571 647 Suffixum
1600 581 1663 644 in
1691 587 1863 674 τμτεξῃ
1906 586 2002 642 est
2033 576 2284 655 Obiecti.
2318 612 2402 623 —-
2431 585 2613 642 Mala
2642 599 2760 643 αυ-
2914 582 2915 591 ’

558 714 679 759 rea
711 697 784 758 in
815 695 1042 772 figuris
1068 693 1385 767 arqenteis
1417 690 1457 749 i.
1488 704 1540 748 e.
1571 687 1636 747 in
1672 703 1855 767 opere
1879 684 2125 764 figurato
2162 689 2441 762 argenteo
2457 727 2473 756 ,
2515 684 2580 747 in
2606 687 2762 749 vasis

559 798 850 880 argenteis
897 795 1097 875 figuris
1141 792 1461 875 artificiose
1504 792 1726 854 ornatis
1765 798 2028 855 Verbum
2070 798 2162 853 est
2204 794 2435 855 dicaam
2463 811 2581 854 suo
2613 802 2763 856 tem-

557 925 721 982 pore
750 905 787 965 i.
817 922 868 964 e.
902 918 1077 981 quam
1102 907 1263 987 grata
1294 908 1351 962 et
1370 897 1634 977 jucunda
1663 904 1799 959 sunt
1827 898 1982 960 mala
2008 915 2184 961 aurea
2204 894 2405 959 oblata
2431 896 2497 957 in
2523 895 2763 961 calathis

561 986 849 1089 argenteis
878 1003 1197 1069 artificiose
1226 1006 1447 1068 ornatis
1463 1052 1484 1082 ,
1525 1010 1647 1067 tam
1687 1011 1913 1083 gratum
1958 1010 2017 1064 et
2033 1001 2358 1080 juetmdum
2401 1009 2496 1063 est
2521 1002 2766 1067 verbum

561 1120 887 1196 opportune
917 1110 1159 1173 dietum.
1193 1111 1266 1171 ef.
1308 1109 1419 1181 15,
1449 1109 1568 1171 23:
1604 1100 1867 1174 verbum
1908 1130 2024 1173 suo
2075 1118 2386 1186 tempore,
2430 1116 2760 1187 opportune

559 1220 800 1290 dictum,
839 1237 1025 1298 ‘luam
1050 1223 1426 1294 pulchrum!
1451 1222 1590 1289 n‘ffi
1623 1223 1740 1296 ²²31
1766 1219 1964 1286 ’731519ῑὲ
1986 1219 2167 1281 malis
2200 1217 2352 1279 auri
2365 1259 2388 1292 ,
2420 1213 2614 1276 aureis
2645 1222 2757 1278 cet.

555 1326 941 1403 interpretum
969 1322 1238 1386 nonnulli
1266 1321 1422 1385 mala
1454 1338 1528 1382 ex
1568 1339 1710 1385 auro
1757 1320 2077 1384 fabrefacta
2125 1318 2454 1400 intelligunt
2503 1338 2638 1383 oum
2675 1337 2764 1383 ar-

555 1431 782 1510 genteis
811 1430 1141 1495 caelaturis.
1231 1427 1355 1501 Sed
1384 1429 1619 1491 cuinam
1648 1427 1784 1490 usui
1812 1425 2111 1505 ejusmodi
2137 1425 2290 1489 mala
2319 1424 2610 1489 destinata
2636 1424 2758 1487 fue·

556 1537 692 1609 rint,
718 1537 813 1601 vix
839 1537 1195 1616 intelligitur.
1285 1533 1381 1599 Nil
1411 1533 1641 1612 obstat,
1689 1552 1808 1613 quo
1836 1533 2032 1595 minus
2067 1549 2206 1594 vera
2249 1531 2405 1593 mala
2436 1539 2496 1592 et
2525 1529 2777 1610 quidem,

558 1642 816 1722 cydonia
843 1661 896 1705 s.
942 1640 1315 1722 chrysomela
1355 1639 1776 1718 intelligamus,
1822 1656 1971 1719 quae
2012 1638 2091 1701 ob
2137 1637 2407 1701 colorem
2449 1655 2626 1703 aurea
2668 1655 2766 1699 vo-

558 1755 780 1815 eantur.
869 1749 961 1811 De
1005 1748 1084 1810 iis
1125 1748 1279 1827 Virg.
1326 1745 1450 1808 Eol.
1484 1744 1557 1817 3,
1588 1745 1701 1807 71:
1746 1762 1924 1807 aurea
1966 1744 2120 1807 mala
2168 1742 2383 1805 deeem
2427 1744 2603 1815 misi,
2633 1761 2764 1808 eras

558 1854 737 1917 altera
777 1854 1022 1916 mittam.
1125 1851 1290 1915 Haec
1334 1850 1633 1932 siquidem
1668 1850 1854 1923 mala,
1909 1868 2063 1931 quae
2105 1851 2310 1912 colore
2357 1867 2469 1912 suo
2509 1848 2770 1911 alliciunt

558 1960 767 2022 oeulos
787 2004 804 2031 ,
831 1958 1024 2024 odore
1049 1976 1226 2023 nares
1241 2004 1259 2031 ,
1280 1957 1642 2039 jucundiora
1671 1961 1953 2037 apparent
1976 1975 2113 2039 eum
2143 1955 2465 2020 afferuntur
2490 1956 2769 2036 imposita

558 2065 803 2128 calathis
844 2083 959 2128 seu
997 2066 1191 2131 thecis
1236 2065 1526 2144 argenteis
1577 2061 1897 2125 artificiose
1940 2062 2278 2127 cancellatis
2296 2108 2312 2134 ‚
2357 2064 2438 2126 ita
2464 2070 2528 2126 ut
2556 2081 2668 2143 per
2692 2065 2770 2126 ri-

558 2170 750 2233 mulas
773 2170 1210 2251 ‚splendescant
1237 2187 1411 2234 aurea
1441 2171 1542 2232 illa
1568 2189 1764 2251 poma.
1853 2177 1980 2250 1:192
2005 2160 2263 2253 nhrztz'ffi
2288 2189 2489 2250 propr.
2516 2175 2771 2250 ᾕρηται

560 2281 837 2357 omenti,
869 2284 1007 2340 sunt
1037 2284 1310 2357 argentea
1337 2295 1486 2340 vasa·
1508 2277 1814 2356 argentarii
1852 2283 1976 2339 arte
2019 2275 2262 2339 decoris
2289 2283 2603 2341 exornatae
2628 2275 2772 2357 figu-

557 2383 662 2453 ris,
693 2382 1098 2463 cujuscunque
1125 2383 1361 2463 generis
1404 2381 1651 2447 eaedem
1688 2382 1957 2446 i'ue1·int.‘⁴
2044 2382 2210 2446 Haeo
2257 2382 2770 2456 Rosenmiillerus,

558 2494 617 2550 et
644 2494 806 2550 reete
834 2488 1109 2572 quidem,
1156 2505 1491 2570 quanquam
1519 2480 1775 2573 raa-³1:2⁷2
1812 2489 1980 2553 voeis
2022 2487 2412 2569 significatum
2455 2509 2580 2553 non
2626 2493 2765 2555 satis

556 2593 943 2660 confirmavit.
1033 2587 1139 2654 η’Ἴτ
1142 2596 1292 2667 :vm
1316 2599 1603 2675 nonme,
1647 2578 1787 2658 hino
1815 2615 1975 2673 opus
2000 2599 2345 2674 fiyuratwn
2370 2597 2644 2677 quodvis.
2692 2598 2765 2661 el.

554 2701 728 2763 Num.
759 2702 863 2775 33,
893 2702 997 2766 52.
1024 2702 1130 2767 ubi
1164 2694 1420 2772 maaian
1450 2700 1847 2782 suntlapides
1877 2701 2066 2764 ornati
2093 2699 2319 2781 figuris.
2383 2704 2772 2786 Nequaquam

554 2806 730 2885 igitur
772 2826 1027 2873 neeesse
1070 2817 1192 2880 est,
1251 2815 1316 2871 ut
1356 2808 1580 2892 n’alim
1629 2808 1830 2887 ipsum
1879 2815 2196 2872 calathum
2232 2808 2292 2871 h.
2337 2808 2376 2870 l.
2430 2809 2768 2890 significare

530 2928 812 3023 :eumque
844 2910 1232 2994 significatum
1261 2919 1533 2993 repetere
1563 2918 1798 2993 putetur
1827 2931 1862 2975 a
1889 2914 2054 2999 τρῖς.
2145 2913 2304 2977 lnter
2351 2918 2495 2990 eos,
2535 2917 2635 2997 qui
2673 2917 2771 2979 in-

553 3026 946 3100 terpretantur
973 3027 1143 3084 mala
1173 3041 1379 3084 aurea
1410 3040 1548 3084 eum
1572 3022 1801 3098 fiquris
1826 3024 2149 3098 arqenteis
2175 3021 2214 3082 i.
2245 3039 2298 3084 e.
2329 3019 2534 3102 figuris
2564 3031 2776 3088 ornata

556 3125 845 3204 argenteis
860 3170 879 3197 ,
912 3130 1049 3188 sunt
1075 3124 1369 3190 Gesenius
1387 3171 1404 3197 ‚
1436 3125 1516 3189 de
1545 3127 1740 3190 Wette
1755 3170 1773 3198 ,
1803 3125 2094 3191 Ewaldus.
2184 3126 2524 3208 intelligunt
2550 3130 2775 3209 sphae-

555 3232 712 3294 rulas
745 3232 872 3295 sive
899 3231 1189 3304 corollas,
1233 3230 1438 3312 quales
1482 3239 1619 3295 sunt
1663 3233 2068 3295 columnarum
2108 3233 2210 3315 (ef.
2244 3225 2503 3321 ahtana),
2558 3233 2774 3315 figuris

554 3338 850 3432 argenteis
878 3343 1134 3403 ornatas.
1228 3337 1352 3400 Sed
1395 3337 1579 3401 multo
1619 3339 1811 3419 aptior
1852 3346 1913 3402 et
1942 3339 2265 3419 elegantior
2307 3346 2400 3403 est
2437 3340 2632 3420 imago
2647 3386 2666 3413 ‚
2714 3343 2774 3405 si

550 3441 887 3522 intelligitur
904 3460 1004 3505 res
1024 3460 1177 3522 quae
1193 3461 1306 3524 per
1323 3461 1392 3504 se
1425 3452 1536 3517 est,
1564 3463 1685 3507 non
1716 3462 1938 3507 annexa
1969 3445 2088 3517 alii,
2121 3453 2180 3509 et
2210 3465 2359 3528 quae
2389 3447 2637 3534 offertur
2661 3447 2776 3510 ali-

554 3549 649 3609 cui
680 3549 886 3628 eique,
929 3549 1025 3611 cui
1057 3547 1330 3621 offertur,
1369 3569 1491 3613 non
1536 3550 1800 3630 opinanti
1828 3549 2109 3615 laetitiam
2138 3553 2356 3632 objicit.
2444 3554 2774 3618 Difficilius

552 3662 645 3718 est
675 3654 835 3736 quod
862 3656 925 3718 in
956 3655 1139 3719 altero
1169 3653 1549 3719 hemistichio
1594 3663 1688 3719 est
1724 3646 2032 3742 wass-322.
2124 3658 2420 3724 Gesenius
2465 3655 2578 3741 za&
2609 3668 2774 3727 te'm-

551 3782 673 3842 ρας
714 3751 895 3823 doeet'
933 3760 1267 3845 signifieat-e
1315 3779 1349 3827 a
1394 3761 1680 3826 vertendo
1715 3763 2129 3845 volvendoque
2159 3766 2411 3853 dietum,
2455 3768 2596 3830 eoll.
2629 3742 2771 3841 -ιῆτι,

550 3876 777 3952 anapia,
808 3860 1071 3946 περίοδος
1100 3875 1159 3931 et
1183 3869 1449 3950 pluribus
1478 3887 1645 3932 voce.
1664 3854 1912 3934 'annum
1943 3870 2388 3951 designantibus
2404 3920 2421 3945 ‚
2455 3892 2605 3954 quae
2637 3893 2773 3937 om-

549 3973 645 4035 nia
675 3975 915 4055 proprie
957 3973 1164 4040 orbem
1206 3976 1500 4046 indicent,
1545 3982 1610 4038 ut
1639 3996 1847 4040 amma
1863 4020 1885 4053 ,
1932 3975 2090 4038 unde
2132 3987 2404 4043 annulus
2421 4026 2443 4059 ,
2488 3974 2777 4048 ἐνιαυτός.

545 4075 701 4142 nine
745 4070 1037 4163 mnu-52
1078 4089 1205 4173 *1321
1244 4088 1372 4161 '7321
1413 4098 1554 4144 esse
1600 4089 1859 4147 verbum
1897 4088 2224 4161 prolatum
2261 4088 2334 4148 in
2379 4091 2776 4165 temporibus

546 4188 681 4250 suis
726 4186 766 4248 i.
810 4204 862 4249 e.
906 4195 1179 4271 tempore
1218 4195 1573 4275 opportuno.
1678 4198 1851 4273 ³⁹29&
1888 4206 2030 4252 esse
2058 4196 2182 4270 ‘pro
2228 4200 2395 4274 Ἴηφςς
2436 4190 2647 4272 Lehrg.
2701 4212 2768 4273 p.

542 4290 689 4356 575.
780 4295 863 4359 lta
891 4313 926 4358 e
955 4295 1254 4360 veteribus
1285 4295 1511 4374 Symm.
1544 4294 1708 4376 Vulg.
1736 4295 2087 4360 Abulwalid.
2105 4343 2122 4369 ,
2155 4297 2255 4378 qui
2300 4305 2464 4361 reete
2488 4297 2774 4361 conferat

539 4402 698 4465 arab.
718 4410 903 4480 παῦε
936 4404 1308 4483 ζὶιῒᾶη-οπ]
1337 4414 1598 4480 tempus.
1620 4402 1810 4469 Posse
1828 4404 2009 4467 etiam
2038 4393 2333 4488 twa-kz
2359 4425 2558 4482 super
2587 4408 2771 4469 rotis

539 4513 673 4573 suis
705 4508 1015 4587 explicari,
1044 4515 1109 4570 ut
1139 4508 1217 4571 sit
1246 4508 1470 4572 locutio
1502 4510 1892 4588 proverbialis
1927 4515 2316 4577 celeritatem
2342 4510 2772 4592 respondendi
