2925 5017
733 380 737 385 ῃ
836 220 1369 347 proverbia.
1424 267 1611 370 Cap.
1660 272 1784 349 111.
1970 377 1979 386 ἱ
2258 219 2448 355 381⁵

221 461 359 524 fen-i
381 430 619 541 potest.
723 461 942 524 Verum
996 462 1071 524 ad
1113 479 1248 523 eam
1301 459 1789 540 significationem
1809 507 1827 532 ,
1882 481 2000 542 qua
2040 463 2236 544 ipsum
2277 452 2412 545 ἕξω,

183 557 186 571 '
221 555 405 649 (ἓξὲξ.)
450 567 664 647 gaudet
704 566 962 646 reliquis·
993 567 1178 639 locis,
1240 565 1686 644 intelligentiae,
1730 568 1999 647 inquam,
2043 569 2414 647 significatio-

218 690 387 744 nem,
432 675 675 754 propius
720 691 895 752 quam
937 671 1232 734 felicitatis
1259 672 1437 733 non'o
1481 672 1710 734 accedit
1736 690 1835 744 ea,
1876 691 2051 753 quam
2093 694 2205 738 nos
2236 695 2451 770 snpra‘

218 768 582 856 subjecimus
599 823 614 847 ‚
669 779 835 840 notio
855 816 860 825 ·
879 777 1214 840 attentionis
1229 821 1246 848 ,
1304 777 1514 848 studii,
1560 795 1753 839 cinae.
1853 777 2133 842 Ewaldus‘
2182 788 2242 842 et
2297 782 2414 844 hoe

216 884 370 945 loco‘
403 888 858 960 intelltqentiae
893 880 1290 962 significatmn
1318 882 1642 945 tenendum
1669 882 1992 954 existimat,
2032 903 2151 965 quo
2182 893 2412 951 servato

218 989 316 1050 hic
345 988 472 1050 fere
498 988 763 1068 prodibit
792 1007 1037 1068 sensus:
1077 996 1164 1052 Et
1203 991 1485 1051 invenies
1528 989 1801 1064 qratiam
1841 998 1904 1052 et
1942 990 2415 1068 intelligentiam

216 1099 444 1157 bonam
455 1139 476 1172 ,
522 1100 775 1165 rectam,
819 1110 1023 1154 veram
1064 1098 1145 1155 In
1188 1096 1386 1155 omlis
1432 1096 1545 1157 dei
1574 1092 1682 1153 rel.
1727 1093 1766 1152 i.
1812 1110 1865 1157 e.
1905 1099 2044 1155 tunc
2084 1101 2149 1156 te.
2175 1095 2414 1175 dignum

211 1199 398 1276 gratia
426 1198 573 1260 deus
589 1242 605 1269 ,
647 1205 809 1258 recte
850 1196 1277 1276 intelligentem
1319 1196 1595 1261 homines
1638 1190 1955 1271 habebunt:
2047 1200 2169 1261 Sed
2213 1201 2411 1267 durius

216 1302 474 1375 videtur,
520 1307 811 1366 invenire
855 1306 1331 1379 intelliqentiam
1369 1306 1458 1365 in-
1482 1306 1683 1366 oculis
1727 1307 1999 1377 alicuj-us
2045 1304 2267 1368 dictum
2306 1325 2412 1388 pu-

217 1414 344 1468 tare
405 1427 513 1487 pro
571 1412 1013 1484 intelligentem
1064 1411 1291 1471 haberi
1349 1414 1427 1471 ab
1487 1396 1738 1489 aliqum
1794 1408 2050 1480 accedit,
2109 1412 2269 1488 quod
2323 1415 2410 1475 sic

216 1513 509 1575 claudicat
546 1513 994 1592 parallelismus.
1043 1549 1122 1559 —-
1166 1517 1493 1578 Fiduciam
1530 1534 1699 1592 pone
1741 1517 1808 1577 in
1846 1521 2011 1578 Jova
2048 1510 2179 1581 tote
2216 1526 2409 1583 corde
2426 1541 2478 1593 5.

213 1630 322 1699 tuo
338 1662 359 1697 ,
403 1626 573 1682 Neve
603 1623 1074 1696 intelliyenttae
1100 1631 1246 1685 tuae
1258 1668 1280 1701 ,
1326 1640 1476 1702 quae
1516 1628 1577 1684 te
1608 1638 1842 1684 servare
1884 1641 2005 1684 non
2028 1630 2259 1702 potest,
2303 1629 2404 1689 irt-

212 1729 467 1787 m'tare!
488 1764 559 1775 --
582 1716 661 1788 In
686 1731 960 1790 omibus
989 1732 1117 1809 tuis
1134 1732 1277 1805 viis,
1306 1729 1593 1808 quidquid
1621 1730 1762 1808 agis,
1793 1749 1955 1794 cura
1980 1719 2137 1807 emh,
2153 1730 2407 1795 animmn
2425 1737 2476 1792 6.
2535 1770 2541 1777 -

137 1910 146 1916 .
214 1829 453 1891 adverte
498 1830 572 1892 ad
617 1831 827 1901 deum,
871 1841 1179 1912 reputans,
1207 1833 1360 1894 >sine
1399 1834 1516 1894 deo
1541 1841 1602 1895 te
1633 1835 1779 1897 nihil
1809 1851 2021 1915 posse,
2061 1843 2148 1899 Et
2172 1833 2406 1899 §erec-⁴

212 1945 311 1997 tas
356 1940 559 2010 faciet
587 1941 841 2000 cenatas
873 1948 1014 2000 tuas
1029 1984 1050 2015 ,
1097 1939 1273 2002 faciet
1312 1945 1376 2000 ut
1416 1955 1513 1999 res
1557 1946 1692 2001 tuae
1721 1940 1875 2001 bene
1908 1940 2132 2003 cedant.
2207 1948 2318 2019 5⁸12
2345 1948 2410 2005 ut

191 2041 317 2129 12¹1,
364 2042 466 2102 23.
514 2042 586 2103 31.
689 2042 784 2105 Ad
826 2043 1264 2105 hemistichium
1319 2044 1616 2123 posterius
1659 2040 1735 2105 cf.
1783 2044 1894 2117 11,
1942 2044 2009 2109 5.
2056 2081 2136 2091 -—
2179 2053 2277 2110 Ne
2318 2052 2407 2111 sis
2426 2062 2476 2115 ’1.

210 2154 467 2223 capiens
511 2152 580 2210 in
624 2153 823 2212 oculis
870 2153 1031 2227 tuis,
1090 2167 1167 2210 ne
1206 2148 1315 2211 tibi
1358 2148 1598 2210 videare
1644 2150 1921 2229 sapiens,
1976 2155 2041 2212 nt
2080 2158 2177 2213 tua
2217 2153 2406 2231 ipsius

209 2270 327 2331 ope
366 2260 428 2313 te
472 2260 626 2314 stare
674 2271 859 2332 posse
903 2255 1144 2327 credas,
1203 2253 1351 2315 nihil
1396 2254 1558 2314 enim
1600 2261 1700 2319 tua
1753 2261 1816 2316 te
1874 2255 2162 2334 sapientia
2207 2256 2411 2340 juvare

209 2363 438 2438 potest3
486 2364 687 2436 Time,
734 2359 866 2419 cole
907 2366 1162 2438 Jovam,
1209 2369 1274 2423 et
1310 2366 1578 2437 recede,
1621 2358 1855 2422 abstine
1892 2382 1938 2423 a
1963 2369 2162 2440 malo,
2207 2381 2241 2425 a
2283 2365 2412 2428 sola

208 2464 425 2544 pietate
468 2471 528 2525 et
569 2463 861 2543 probitate
900 2464 1147 2526 salntem
1190 2466 1574 2542 exspectans!
1620 2498 1699 2513 —-
1731 2469 2002 2530 sanatio
2047 2467 2112 2529 id
2140 2473 2227 2532 sit
2271 2491 2408 2533 um-
2426 2483 2479 2540 8.

209 2574 396 2632 bilico
426 2579 532 2633 tuo
551 2615 573 2647 ,
622 2576 708 2632 Et
732 2574 1057 2632 recreatio
1106 2574 1344 2633 ossibus
1389 2574 1556 2633 tuis!
1598 2570 1636 2630 i.
1671 2588 1723 2631 e.
1752 2571 1869 2632 hoc
1901 2573 2060 2651 quod
2092 2573 2240 2646 dixi,
2286 2576 2410 2655 pie-

204 2676 297 2737 tas
333 2675 395 2734 in
434 2674 608 2763 deum
653 2672 766 2755 (vs.
798 2670 904 2754 7.),
938 2675 999 2735 in
1029 2674 1216 2737 rebus
1257 2675 1524 2737 adversis
1551 2681 1680 2736 tuas
1723 2676 1901 2738 leniat
1928 2681 2137 2740 curas!
2177 2680 2411 2743 Praeter

206 2800 446 2843 emnem
502 2779 924 2842 necessitatem
979 2788 1099 2863 ”rit-2
1154 2781 1469 2842 indicative
1526 2788 1830 2863 acceptum
1885 2783 2102 2845 volunt.
2208 2786 2408 2859 Quid?

193 2887 369 2968 qnod
398 2887 509 2948 hac
538 2887 767 2949 ratione
796 2903 1012 2949 nervus
1044 2885 1164 2947 loci
1192 2884 1522 2964 infringitur
1535 2931 1552 2956 ,
1586 2886 1871 2967 elegantia
1889 2888 2133 2953 deletur.
2223 2891 2410 2953 Recte

67 3003 74 3007 '
175 3001 264 3056 “et
308 2994 553 3074 pulchre
596 2999 653 3054 et
696 2993 943 3077 graviter
986 2989 1145 3069 quod
1186 2991 1374 3069 pietas
1419 2988 1483 3050 in
1528 2990 1705 3052 deum
1751 2992 1993 3054 efficere
2030 3002 2257 3072 potest,
2289 2999 2406 3068 ju-

206 3106 390 3163 betur
431 3097 688 3177 efficere.
780 3095 873 3153 *titi
918 3095 1052 3156 voci
1094 3111 1215 3154 non
1258 3101 1351 3155 est
1393 3111 1498 3157 cur
1541 3095 1718 3165 alium
1760 3095 2150 3176 significatum
2187 3099 2410 3162 tribuas

206 3211 384 3283 atque
416 3205 470 3265 is
501 3211 593 3265 est
621 3220 798 3281 quem
839 3201 1019 3265 habet
1045 3192 1257 3262 Ezebh.
1293 3196 1404 3270 16,
1452 3197 1512 3258 lt.
1547 3199 1622 3263 cf,
1653 3201 1826 3261 etiam
1857 3201 2017 3265 Cant.
2050 3202 2106 3274 7,
2137 3202 2230 3274 3.,
2271 3225 2408 3267 wn-

204 3312 379 3373 attici
392 3355 414 3388 ,
458 3310 718 3388 inquam.
819 3307 916 3374 Ad
956 3304 1253 3371 sanandos
1296 3304 1517 3367 multos
1531 3348 1547 3375 ,
1603 3307 1948 3386 praesertim
2002 3308 2410 3373 intestinorum

199 3415 448 3477 morbos
493 3415 810 3496 emplastra
823 3460 839 3486 ,
883 3413 1227 3492 malagmata
1272 3417 1334 3472 et
1372 3418 1669 3490 unguenta
1713 3421 1853 3477 alvo
1880 3396 2215 3477 ‘admovere
2255 3415 2409 3477 sole-

201 3520 343 3582 bant
388 3529 449 3582 et
506 3523 679 3583 etiam
736 3539 895 3583 nunc
953 3518 1182 3590 solent,
1238 3516 1383 3578 Ros.
1427 3513 1498 3577 A.
1546 3535 1602 3577 u.
1644 3517 1715 3579 N.
1760 3516 2048 3599 Morgenl.
2097 3521 2204 3593 lv,
2266 3519 2409 3587 127,
2439 3563 2453 3569 -

204 3626 383 3699 Quod
422 3626 584 3688 LXX
627 3647 735 3707 pro
779 3612 960 3711 ηᾞυᾷξ
991 3624 1212 3687 habent
1240 3621 1323 3697 τῷ
1362 3616 1594 3698 σώματί
1623 3632 1748 3695 σου,
1789 3627 1972 3705 Syrus
2015 3616 2200 3691 carni
2240 3638 2408 3706 mae,

201 3749 272 3794 ex
314 3750 388 3792 eo
424 3732 696 3795 Ewaldus
741 3750 848 3793 eos
888 3732 1239 3811 interpretes
1287 3718 1510 3817 ῆζιᾰςιίξξ
1557 3731 1780 3810 legisse
1818 3731 2206 3795 festinantius«
2234 3731 2410 3795 colle*
2454 3754 2459 3761 ⁴

198 3839 311 3920 git,
355 3836 493 3898 coll.
540 3836 611 3908 ῖι,
656 3837 758 3898 22.
862 3836 957 3897 Nil
1008 3837 1129 3899 nisi
1155 3836 1422 3901 ,liberior
1474 3836 1873 3916 interpretatio
1919 3844 2028 3899 est.
2136 3838 2410 3905 Ceterum

198 3943 355 4007 conf.
401 3943 478 4005 ad
518 3940 657 4025 3322
703 3940 841 4005 (ἰεῦ.
885 3960 970 4019 gr.
1023 3942 1168 4003 min.
1213 3941 1271 4020 ᾗ.
1318 3941 1432 4012 22,
1479 3940 1538 4002 lt.
1644 3942 1796 4016 ''a'pvj
1838 3961 2038 4022 propr.
2081 3946 2406 4022 irriqatto,

196 4049 396 4112 habita
432 4050 664 4111 ratione
711 4045 1034 4117 medullae,
1077 4047 1152 4108 cf.
1184 4045 1315 4108 Job.
1363 4045 1475 4118 21,
1521 4045 1626 4108 24.
1657 4083 1739 4092 —-
1769 4056 2039 4111 Honora
2082 4054 2304 4111 Jovam
2331 4057 2408 4121 de
2423 4071 2476 4124 9.

197 4159 323 4219 tuis
369 4161 624 4233 opibus,
667 4152 991 4215 offerendis
1033 4150 1342 4214 sacrificiis
1386 4151 1464 4213 de
1504 4152 1623 4214 tuis
1667 4151 1910 4231 opibus»,
1944 4158 2034 4223 ,Et
2075 4159 2153 4235 de
2178 4158 2404 4230 primi-

159 4264 162 4265 ’
197 4262 306 4322 tiis
336 4265 531 4324 omnis
576 4264 669 4325 tui
711 4265 1100 4338 proventus!
1143 4256 1220 4318 cf.
1252 4257 1435 4319 Exod.
1469 4256 1551 4318 23
1573 4301 1591 4327 ,
1626 4255 1726 4317 19.
1757 4257 1828 4317 31.
1849 4255 2118 4321 Ewaldus
2148 4266 2219 4335 '372
2246 4276 2405 4320 com-

198 4363 442 4443 parandi
494 4366 841 4445 particulam
897 4362 1104 4432 habet,
1159 4363 1266 4424 sic
1317 4361 1499 4423 verba
1552 4361 1955 4433 transferensr
2017 4363 2174 4439 „ehr'
2225 4362 2447 4441 Jahve'

196 4468 373 4530 mehr
426 4468 513 4530 als
571 4469 709 4533 dein
765 4470 1100 4547 Vermiigen
1114 4512 1130 4539 ,
1190 4467 1278 4530 als
1335 4467 1731 4533 Kestlichstes
1776 4468 1866 4541 ,all
1923 4469 2036 4532 des
2094 4467 2406 4555 Gewinnes
2484 4507 2489 4512 -
