2925 5017
736 286 1264 366 Proverbia.
1321 282 1506 387 cap.
1557 284 1809 363 xxv.
2066 249 2070 256 ’
2215 258 2417 361 485’

189 490 454 559 argento
472 527 492 558 ,
540 486 627 544 Et
652 468 932 557 prodibit
959 479 1214 555 aurifici
1240 484 1373 539 vas.
1470 454 1646 550 Q‘fiod
1672 477 1769 537 hic
1797 482 1857 538 et
1882 476 2271 555 vs..proxtmo
2300 476 2380 536 le-

184 589 336 666 gitur
365 596 492 666 2722}
518 606 844 665 movere,
898 585 1189 647 Gesenius
1206 629 1221 655 ,
1249 583 1522 646 Winerus
1539 628 1555 653 ,
1584 582 1844 667 Fiirtiusu,
1872 580 2378 655 Rosenmiillerus‚

182 694 367 753 verbo
384 737 400 763 ,
441 708 592 772 quos
624 692 923 772 inspicere
950 690 1145 761 licuit,
1189 704 1396 751 omnes
1427 688 1727 750 diversum
1753 687 1971 749 habent
1997 689 2071 749 ab
2100 684 2204 749 illo
2236 697 2379 768 ηις,

58 800 61 805 ’
180 797 347 877 quod
378 795 681 876 significatv
698 812 1059 860 murmurare
1091 800 1151 855 et
1177 793 1306 855 alia.
1396 794 1463 854 In
1496 812 1607 873 qua
1634 811 1703 854 re
1729 792 2005 856 falluntur
2029 792 2139 856 viri
2163 782 2381 856 doctis·
2451 775 2475 795 ‘

181 891 341 966 simi.
433 914 558 983 nm
581 904 837 984 primum
867 894 1495 981 significatanhelare,
1525 900 1663 960 hinc
1689 918 1937 977 yemere
1982 899 2082 979 (cf.
2125 909 2234 978 αρτ-ξ
2261 896 2382 978 aL),

177 1031 607 1088 murmurare,
638 1013 953 1088 fremereJ
969 1008 1126 1067 *hinc
1151 1008 1445 1068 meditari
1477 1003 1802 1086 (submisse
1821 1021 2026 1065 secum
2053 1001 2383 1083 loquendo)
2411 1040 2415 1045 ·

136 1165 140 1168 .
184 1125 244 1179 et
273 1135 422 1196 quae
451 1117 523 1179 ab
556 1115 673 1177 hoc
704 1112 1034 1192 significatu
1063 1096 1519 1200 proficiscuntur
1559 1110 1689 1172 alia.
1777 1109 2008 1171 Deinde
2048 1112 2380 1179 transitive:

180 1224 461 1284 anhelare
491 1221 717 1291 facere,
749 1220 812 1280 in
838 1218 1051 1280 Athem
1083 1223 1310 1289 setzen,
1353 1216 1496 1278 hinc
1522 1217 1740 1295 agitare
1768 1215 1866 1299 (cf.
1900 1224 2003 1294 πῆς
2019 1262 2034 1288 ,
2064 1226 2185 1298 ,τι-ῃ
2202 1261 2216 1287 ,
2247 1209 2384 1294 ἄγοι,

181 1324 336 1406 ago),
363 1333 731 1404 propellere
758 1325 878 1385 Jes.
912 1323 1016 1397 27,
1046 1322 1105 1384 8.
1125 1369 1139 1395 ‚
1191 1331 1248 1385 et
1277 1342 1411 1386 cnm
1442 1330 1515 1400 '572
1545 1342 1838 1386 amovere
1851 1370 1872 1401 ,
1918 1342 2234 1400 separare
2268 1325 2385 1386 hoc
2498 1348 2502 1355 ·

181 1433 338 1495 loco.
430 1429 754 1494 infinitivus
784 1429 909 1492 abs.
937 1437 1001 1492 ut
1030 1431 1388 1509 saepissime
1415 1414 1557 1491 alias
1586 1429 1706 1490 vim
1742 1429 1919 1490 habet
1939 1426 2208 1506 jubendi.
2251 1430 2382 1502 Quo

180 1529 452 1617 spectent
487 1535 684 1608 verba,
719 1538 1020 1616 ceteroqui
1047 1553 1157 1615 per
1184 1552 1253 1597 se
1282 1536 1468 1609 clara,
1513 1533 1774 1596 ostendit
1820 1552 2029 1596 versus
2060 1533 2381 1615 proximus.

188 1678 269 1689 --—
299 1650 569 1729 Remove
615 1647 958 1719 improbum
1008 1663 1224 1705 coram
1259 1663 1411 1719 reye
1425 1689 1446 1721 ,
1501 1642 1598 1721 qui
1627 1648 1892 1737 versatur
1933 1641 1997 1701 in
2042 1644 2383 1719 conspectu,
2404 1665 2452 1711 5.

181 1767 415 1820 coram,
453 1764 589 1810 cum
614 1764 784 1826 rege,
829 1749 868 1808 i.
901 1766 952 1810 e.
976 1759 1120 1810 *arce
1149 1766 1182 1808 a
1208 1765 1349 1826 rege
1393 1747 1702 1828 improbos
1752 1745 2163 1818 consiliarios,
2214 1746 2387 1806 mini·

177 1863 369 1927 ‘sti-os,
399 1863 484 1920 Et
509 1858 870 1919 stabilietur
890 1856 1143 1927 justitia
1172 1857 1397 1945 solium
1425 1858 1583 1927 ejus.
1637 1854 1836 1934 Itaque
1868 1851 2386 1932 quemadmodum,

186 1961 410 2041 inquit,
462 1960 535 2021 ab
564 1958 803 2021 aurifice
834 1977 936 2020 vas
968 1976 1179 2039 purum
1211 1965 1269 2019 et
1299 1955 1555 2022 nitidum
1582 1959 1796 2021 confici
1826 1953 2032 2038 nequit
2060 1959 2176 2020 nisi
2218 1973 2389 2038 sepa·
2457 2041 2461 2045 .

187 2066 335 2129 ratis
367 2067 438 2127 ab
467 2072 708 2145 argento
738 2066 981 2127 scoriis:
1022 2065 1103 2126 ita
1134 2064 1294 2145 quod
1312 2060 1538 2142 justum
1581 2073 1641 2128 et
1679 2064 1915 2126 firmum
1961 2065 2039 2126 sit
2078 2058 2390 2153 imperium

186 2172 433 2251 eogitari
459 2191 582 2234 non
609 2179 807 2252 potest
831 2172 953 2233 nisi
980 2174 1224 2233 remotis
1256 2190 1289 2232 a
1331 2190 1485 2252 rege„
1509 2173 1797 2254 improbis
1838 2171 2145 2233 ministris.
2178 2202 2261 2214 -·—
2292 2176 2389 2232 Ne
2407 2195 2460 2242 ⁶,
2568 2252 2574 2260 ⁶
2670 2204 2675 2211 ,

186 2289 248 2342 te
280 2287 595 2357 ostentes,
636 2295 715 2337 ne
743 2278 1012 2356 glorieris
1051 2294 1268 2340 coram
1314 2299 1468 2357 reye
1481 2325 1502 2357 ,
1547 2285 1633 2341 Et
1659 2282 1729 2340 in
1757 2285 1895 2342 loco
1925 2285 2282 2352 maynatum
2308 2296 2389 2337 ne

178 2394 312 2448 stes
326 2429 348 2463 ,
369 2398 373 2413 ·
395 2399 590 2462 neque
629 2383 705 2443 iis
730 2389 790 2472 te
819 2380 1186 2463 immisceas!
1233 2360 1307 2445 ci.
1344 2402 1495 2464 quae
1523 2384 1720 2446 statim
1748 2389 2093 2464 sequuntur.
2119 2417 2200 2427 -—-
2230 2370 2391 2444 Nem
2408 2395 2456 2446 ⁷.

182 2493 407 2554 melius
438 2498 568 2567 est,
618 2497 690 2552 ut
720 2493 937 2553 dicant
965 2493 1111 2552 tibi.-
1155 2497 1469 2553 adscende
1506 2496 1669 2553 huc!
1715 2495 1913 2567 Quam
1939 2499 2012 2552 ut
2036 2492 2395 2566 deprimant

188 2602 252 2658 te
265 2642 286 2673 ,
338 2595 401 2655 in
429 2593 628 2656 locum
651 2594 998 2655 inferiorem
1045 2595 1261 2655 cedere
1280 2594 1526 2672 jubeant
1569 2617 1787 2665 coram
1821 2598 2151 2673 principe,
2204 2600 2396 2672 Quem

113 2726 122 2731 “
185 2704 493 2764 viderunt
516 2703 683 2764 oculi
710 2704 824 2764 tui.
908 2701 1092 2763 Recte
1122 2700 1197 2762 ad
1223 2701 1424 2763 ultima
1453 2701 1634 2765 verba
1647 2699 2165 2762 Rosenmiillerus:
2195 2700 2396 2777 „igno-

187 2806 516 2868 miniosum
544 2824 686 2868 esse
710 2805 921 2870 dicitur
949 2807 1032 2879 ei,
1078 2808 1176 2887 qui
1219 2822 1287 2869 se
1320 2815 1666 2888 xarroganter
1711 2808 1963 2887 principi
2005 2794 2250 2887 propius
2295 2805 2394 2867 ad-

183 2914 401 2984 movit,
451 2931 524 2999 eo
558 2913 966 2992 conspiciente
995 2915 1066 2977 ab
1099 2913 1225 2991 ejus
1256 2898 1685 2994 propinquitate
1714 2914 2030 2974 amoveri.“
2120 2911 2394 2972 Ceterum

189 3025 296 3077 ‘727
324 3005 588 3102 3⁷?''573Q
627 3011 744 3076 :2²70
792 3018 867 3078 ad
905 3019 1150 3080 verbum
1193 3019 1283 3078 sic
1312 3026 1553 3079 sonant:
1593 3022 1814 3080 melius
1861 3026 1958 3079 est
1997 3021 2213 3078 dicere
2259 2998 2419 3093 nbis
2466 3022 2473 3027 ’

190 3129 316 3186 das
351 3126 457 3185 dir
500 3128 717 3199 seyen
761 3129 871 3184 cet.
916 3154 997 3169 —·-
1046 3129 1145 3186 Ne
1195 3141 1394 3184 eoeeas
1446 3128 1532 3184 ad
1574 3126 1942 3197 litiyanclum
1976 3120 2464 3198 festinantem&
2582 3180 2586 3184 .
2697 3151 2703 3157 ·

191 3228 320 3292 noli
345 3228 746 3299 festinantius,
763 3235 991 3289 temere
1020 3226 1096 3289 ad
1123 3226 1263 3289 lites
1293 3225 1591 3307 proruere,
1622 3235 1719 3290 Ne
1750 3231 1902 3308 quid
1925 3230 2137 3302 facias
2158 3230 2236 3289 “ln
2263 3230 2393 3305 fine

190 3339 355 3413 qius,
387 3334 537 3407 litis,
582 3353 660 3397 ne
695 3336 761 3397 ‘in
788 3333 909 3395 fine
938 3333 1063 3412 ejus
1108 3334 1253 3414 quid
1278 3334 1461 3396 facias
1495 3333 1656 3414 quod
1679 3332 1792 3395 tibi
1822 3330 2285 3414 haudquaquam
2306 3350 2397 3396 sa-

191 3443 378 3505 lutare
409 3446 506 3504 aut
549 3441 944 3504 honorificum
972 3442 1051 3503 sit
1090 3441 1345 3504 futurum
1360 3488 1375 3514 ,
1408 3443 1559 3504 Cum
1600 3451 1659 3504 ze
1716 3432 2062 3517 iynomiizz'a
2105 3441 2401 3518 affecerit

189 3556 385 3627 aller,
416 3548 787 3613 adversarius
818 3549 1228 3611 exacerbatus!
1274 3548 1560 3612 Suffixum
1601 3549 1661 3610 in
1712 3554 1969 3632 tamuz-323
2011 3552 2199 3608 nentr.
2236 3545 2399 3606 acci-

193 3654 497 3735 piendum.
530 3688 614 3699 --
645 3657 912 3719 Causam
939 3665 1108 3719 tuam
1135 3676 1249 3730 aye
1283 3675 1419 3718 cum
1446 3663 1688 3732 altero,
1723 3653 2096 3724 adversario,
2128 3659 2212 3716 Et
2218 3697 2238 3729 ,
2288 3649 2399 3712 sed
2418 3670 2468 3718 9.

194 3779 507 3824 arcanum
536 3764 803 3824 alterius
825 3766 1201 3836 medeteyas
1221 3806 1242 3838 ,
1285 3760 1546 3838 aperias,
1593 3760 1843 3839 prodas!
1873 3757 2069 3838 „quod
2098 3758 2174 3820 de
2206 3775 2279 3818 eo
2310 3774 2401 3818 re-

191 3867 442 3938 scivisti‚
475 3865 753 3947 quodque
769 3865 863 3928 vel
892 3865 1275 3944 ignominiam
1304 3864 1397 3927 vel
1423 3865 1702 3927 damnum
1729 3867 1847 3945 ipsi
1879 3879 2076 3927 creare
2103 3865 2313 3945 possit,
2347 3865 2419 3947 si·

191 3975 548 4045 innoteseat,
580 3990 658 4033 ne
687 3972 751 4033 in
780 3970 1087 4051 publicum
1119 3988 1394 4033 emanare
1427 3973 1609 4033 sinas.
1699 3972 1786 4035 lta
1814 3972 1977 4032 enim
2007 3972 2250 4033 evenire
2276 3971 2420 4047 fere,

192 4080 462 4143 videmus
477 4122 494 4150 ‚
545 4085 608 4141 ut
635 4078 742 4140 ubi
773 4079 953 4143 animi
982 4095 1088 4159 per
1113 4079 1263 4140 iram
1292 4064 1521 4141 fuerint*
1546 4078 1821 4142 concitati
1837 4081 2026 4157 'atque
2059 4077 2398 4157 exasperati,

198 4185 484 4248 subito-fin
501 4186 892 4265 ignominiam
921 4185 1245 4265 producant
1277 4190 1668 4264 evomantque
1697 4196 2083 4263 quaecunque
2112 4184 2403 4263 probrosa

201 4291 278 4352 de
308 4290 645 4356 adversario
671 4292 1038 4353 rescivemnt
1051 4290 1341 4372 unquam,
1373 4308 1492 4372 quo
1518 4288 1928 4351 reconciliatio
1956 4284 2256 4351 difficilior
2281 4284 2404 4346 fit.“

197 4394 341 4458 Ros.
387 4428 468 4444 --·
507 4398 688 4462 Arete
740 4398 885 4463 haec
925 4414 1061 4460 cum
1111 4397 1516 4476 superioribus
1572 4396 1909 4458 cohaerent.
2016 4402 2113 4459 Ne
2157 4397 2403 4471 probro
2422 4414 2507 4464 ιο,

199 4513 264 4567 te
296 4506 541 4583 afficiat
569 4508 678 4585 qui
706 4507 883 4569 audit
910 4502 1149 4567 alterius
1196 4506 1404 4566 arcana'
1441 4501 1828 4575 revelantem,
1875 4507 2077 4582 Atque
2116 4497 2195 4560 ita
2223 4500 2402 4573 infa-
