2925 5017
808 262 1332 351 proverbia.
1386 262 1873 366 OangXV,
2266 252 2459 339 489

263 479 326 533 ut
363 469 516 532 allas-
535 465 826 548 significat
855 466 953 527 his
986 478 1217 545 quoque
1242 459 1393 522 locis
1405 477 1432 532 31
1466 450 1559 520 est
1586 458 1744 522 enim
1787 418 2076 539 appositio
2108 453 2450 525 Praedicatl,

260 578 432 639 itaut
462 573 601 661 ἠιξ
629 580 714 644 *133
742 581 839 655 ἐἰει
870 577 984 652 πξξ
1015 571 1092 632 sit
1116 584 1357 644 τωρωι
1383 569 1589 639 wider
1611 572 1756 632 de
1784 573 1880 633 als
1912 568 2201 639 falecher
2220 568 2449 638 zmye.

266 688 555 743 —Dens
586 683 838 756 fractus
870 688 933 741 et
953 697 1066 755 pes
1099 677 1452 753 abscissus,
1491 678 1789 736 truncattm
1829 670 1934 733 Est
1958 675 2197 750 fiducia
2220 672 2451 750 perfidi
2471 691 2552 742 19.
2580 760 2589 771 Ι

262 786 302 846 i.
339 802 391 846 e.
425 785 710 847 collocata
739 787 805 845 in‘
830 780 1056 865 perfido
1102 779 1316 841 fiducia
1356 783 1457 841 die
1499 762 1964 855 anmzstiarvim,
2005 783 2277 858 tempore
2304 774 2455 838 cala-

261 891 499 952 mitoso.
590 891 846 952 Sensus:
885 896 950 951 ut
992 887 1141 950 dens
1171 886 1387 947 fractus
1431 884 1533 964 qui
1575 882 1795 946 inutilis
1828 890 1920 944 est
1950 883 2025 944 ad
2054 884 2455 946 comminuen-

264 995 408 1057 dum
436 995 666 1068 cibum,
705 1003 768 1058 ut
797 1011 905 1075 pes
936 1002 1176 1055 truncus
1193 1037 1209 1064 ,
1242 1009 1357 1071 quo
1387 1007 1565 1051 nemo
1593 989 1768 1050 facile
1794 980 2035 1062 nitatur,
2082 996 2203 1052 tam
2232 1007 2451 1070 anceps

263 1109 355 1163 est
382 1100 598 1164 fiducia
622 1108 893 1181 tempore
922 1099 1265 1161 calamitoso
1296 1096 1491 1178 posita
1520 1096 1580 1156 in
1618 1093 1866 1175 perfido.
1918 1110 1922 1121 ’
1956 1088 2093 1174 πξῆ·
2116 1112 2313 1175 propr.
2345 1096 2450 1158 inf.

262 1207 305 1268 f.
342 1213 585 1284 fractio
618 1225 650 1269 a
678 1212 814 1285 ψῃ.
851 1222 858 1225 ’
906 1209 1124 1283 nagan
1146 1202 1245 1264 alii
1288 1201 1454 1263 aliter
1484 1202 1801 1280 explicant,
1850 1200 1914 1261 in
1954 1218 2028 1262 eo
2065 1206 2287 1266 tantum
2315 1222 2453 1265 con-

262 1313 592 1375 sentientes
608 1359 624 1385 ,
670 1312 829 1392 quod
861 1311 940 1372 sit
970 1329 1003 1372 a
1032 1316 1180 1388 72⁷3.
1272 1306 1576 1377 Nonnulli,
1609 1307 1671 1366 in
1701 1306 1794 1367 his
1827 1305 2118 1370 Gesenius
2135 1353 2152 1379 ,
2191 1309 2454 1387 positum

265 1421 470 1484 volunt
498 1432 607 1500 pro
639 1409 878 1496 naz-3372,
911 1408 1239 1494 &correpto
1283 1413 1345 1475 in
1369 1419 1405 1469 ’π
1420 1398 1454 1493 ,’
1488 1412 1562 1474 cf.
1600 1411 1813 1491 Lehrg.
1855 1424 1913 1491 p.
1946 1410 2091 1475 309.
2181 1412 2361 1488 Aliis,
2389 1424 2458 1478 ut

265 1525 568 1595 Kimchio‚
615 1521 1094 1592 Rosenmiillero,
1134 1519 1372 1583 Ewaldo
1388 1564 1404 1590 ,
1448 1526 1541 1580 est
1571 1519 1722 1580 Part.
1757 1519 1856 1581 Pu.
1884 1537 1997 1598 pro
2028 1522 2286 1604 niumm
2317 1521 2452 1583 coll.

264 1620 395 1720 πῄ
423 1648 532 1710 pro
560 1621 736 1714 wlff
764 1629 804 1689 2
836 1628 975 1706 Reg.
1005 1627 1063 1698 2,
1098 1625 1217 1697 10„
1255 1632 1426 1710 πηηξ
1456 1642 1565 1706 pro
1593 1632 1814 1714 πξηζη
1843 1625 1964 1697 Jes.
1998 1624 2098 1698 δὴ,
2137 1624 2233 1687 11.
2283 1626 2454 1700 Aliis,

266 1746 331 1801 ut
356 1737 618 1809 wine-no,
652 1742 744 1797 est
773 1750 1018 1804 nomen,
1047 1736 1403 1813 vacillatio,
1436 1733 1597 1813 quod
1612 1734 2018 1818 praetulerim.
2111 1732 2267 1807 Quid
2295 1751 2459 1806 vero,

263 1846 318 1906 si
357 1848 565 1921 nagan
617 1843 692 1904 sit
733 1841 883 1903 Part.
933 1840 973 1901 f.
1005 1839 1117 1901 Ηο.
1158 1844 1272 1916 *122
1310 1839 1505 1911 verbi,
1552 1837 1958 1919 significetque
1998 1836 2261 1922 (pedem)
2306 1846 2456 1904 abs-

268 1955 533 2027 cissum,
577 1956 936 2012 truncatum
947 1991 969 2023 ,
1002 1953 1292 2008 truncum
1317 1944 1418 2028 (cf.
1450 1943 1554 2016 26,
1589 1942 1674 2024 6.)
1724 1966 1757 2009 a
1785 1947 2063 2027 primario
2091 1948 2261 2026 huJus
2291 1950 2458 2012 verbi

270 2054 600 2136 significatu
632 2056 1086 2118 abscindendi?
1127 2051 1290 2113 Hanc
1331 2058 1525 2114 autem
1569 2053 2059 2131 huJus=·thematis
2093 2055 2214 2115 vim
2244 2056 2458 2135 prima·-

263 2164 414 2226 riam
442 2178 579 2223 esse
610 2167 783 2241 atque
814 2158 885 2222 ab
917 2159 1027 2219 hac
1061 2156 1297 2219 demum
1326 2158 1708 2222 derivandum
1737 2176 1875 2220 esse
1922 2142 2245 2220 deliniendi
2281 2161 2458 2240 signi-

262 2266 500 2330 ficatum
544 2280 744 2327 meum
788 2264 1064 2327 ostendet
1092 2263 1366 2325 Lexicon.
1414 2264 1495 2347 αἱ..
1523 2266 1698 2328 etiam
1728 2265 1884 2327 arab.
1927 2266 2035 2350 ,ζῇ-1
2075 2268 2299 2343 franyi
2312 2313 2334 2346 ,
2380 2268 2458 2328 de
2534 2315 2562 2345 Ἀ

260 2392 456 2437 manu.
491 2408 573 2418 —-
604 2378 954 2463 Removens
968 2415 990 2448 ,
1020 2387 1236 2432 exuens
1270 2373 1598 2434 amiculum
1627 2375 1729 2434 dle
1757 2375 2029 2448 frz‘yoris
2045 2417 2065 2449 ,
2099 2370 2196 2433 die
2224 2354 2454 2452 frigido,
2472 2392 2560 2444 ω,

265 2485 523 2547 Acetum
564 2476 760 2555 super
789 2480 1058 2554 nitrum,
1103 2476 1257 2538 nitro
1289 2475 1550 2538 infusum
1565 2521 1580 2547 ,
1623 2484 1707 2540 Et
1746 2487 2015 2541 cantans
2057 2482 2343 2543 cantibus
2377 2487 2459 2542 ad
2534 2486 2538 2491 ’

268 2607 383 2650 cor
413 2589 597 2648 triste
622 2584 662 2644 i.
697 2600 749 2643 e.
784 2580 1024 2661 pallium
1052 2582 1113 2641 in
1139 2581 1356 2659 frigore
1396 2598 1649 2661 ponere,
1693 2591 1921 2646 acetum
1957 2584 2112 2646 nitro
2152 2583 2460 2647 infundere

264 2699 325 2754 et
353 2690 601 2752 moestis
632 2689 785 2750 laeta
815 2687 1071 2750 carmina
1098 2703 1332 2764 canere,
1365 2687 1634 2764 ejusdem
1664 2696 1799 2751 sunt
1828 2690 2069 2752 rationis
2098 2689 2139 2750 i.
2175 2707 2225 2752 e.
2259 2708 2461 2770 qnem-

263 2795 583 2859 ‘admodum
613 2795 713 2875 qui
743 2792 985 2872 pallium
1014 2794 1074 2855 in
1102 2793 1321 2872 frigore
1350 2795 1542 2873 ponit,
1589 2796 1689 2874 qui
1737 2803 1977 2857 acetum·
1999 2794 2155 2857 nitro
2186 2795 2459 2869 infundit,

263 2921 364 2966 res
393 2903 511 2965 sibi
539 2900 859 2964 contrarias
891 2907 948 2962 et
978 2917 1011 2961 a
1039 2917 1108 2961 se
1135 2898 1354 2961 alienas
1381 2900 1551 2972 facit,
1592 2900 1685 2962 sic
1713 2901 2123 2979 intempestive
2158 2900 2326 2973 facit,
2360 2903 2462 2982 qui

264 3009 457 3096 laetos
489 3014 689 3068 cantus
718 3006 873 3067 canit
902 3006 1140 3068 afflicto.
1231 3013 1349 3083 “¹133
1383 3010 1796 3089 muscherum,
1827 3015 2255 3085 teyumenlum,
2283 3016 2459 3070 stra-

267 3121 449 3192 yala3
480 3130 678 3193 propr.
707 3111 869 3191 qued
900 3129 1013 3173 nos
1045 3110 1298 3175 dicimus
1337 3117 1751 3191 Ueberwurl',
1788 3118 2118 3189 Umscmaq
2144 3111 2286 3194 (vid.
2319 3112 2457 3175 Lex.

263 3215 577 3298 nostrum),
605 3211 741 3280 hirrc
767 3218 955 3280 vestis
986 3217 1291 3298 superior,
1337 3222 1665 3282 amiculum
1677 3265 1698 3297 ,
1742 3236 1860 3299 quo
1890 3218 2225 3301 significatu
2249 3219 2462 3297 gaudet

266 3325 386 3387 hoe
429 3316 584 3416 loco.
689 3329 802 3402 '72:22
840 3327 1107 3402 nitrum,
1145 3333 1386 3388 natron
1430 3325 1853 3397 recentiorum,
1892 3308 2073 3404 germ.
2119 3330 2457 3406 Potasche,

270 3450 388 3513 quo
405 3477 421 3503 ‚
459 3431 715 3494 admixto
755 3430 918 3502 oleo,
977 3431 1218 3510 saponis
1260 3431 1445 3493 instar
1486 3430 1800 3511 purgandis
1842 3432 2106 3494 vestibus
2148 3431 2461 3494 utebantur

269 3536 385 3599 Jer.
416 3536 477 3610 2,
508 3536 611 3601 22,
701 3535 953 3598 Acetum
997 3552 1142 3598 vero
1185 3554 1319 3599 cum
1345 3538 1690 3609 infunditur,
1733 3537 2087 3609 effervescit,
2130 3538 2373 3600 solvitur
2404 3545 2462 3599 et

269 3644 392 3706 vim
434 3660 601 3706 suam
644 3644 869 3705 amittit.
960 3642 1137 3717 Quod
1176 3644 1373 3722 ipsum
1415 3645 1705 3707 hocloco
1736 3645 2088 3725 respicitur.
2138 3682 2145 3689 -
2194 3645 2340 3706 Cum
2385 3642 2457 3706 A.

270 3748 647 3812 Schultensio
686 3747 957 3811 Ewaldus
1003 3754 1116 3828 *m
1157 3759 1385 3815 vulnus
1418 3749 1590 3828 jubet
1616 3750 1946 3830 significare
1994 3750 2127 3813 coll.
2161 3749 2314 3814 arab.
2347 3758 2459 3836 '75³

266 3854 514 3918 findere.
607 3855 740 3929 Quo
790 3853 1032 3935 ancipiti
1068 3854 1396 3935 significatu
1437 3856 1612 3920 facile
1654 3876 1840 3920 cares.
1888 3880 1895 3887 ·
1943 3856 2123 3918 Plane
2166 3857 2311 3918 nihil
2351 3866 2460 3931 est,

266 3962 428 4044 quod
456 3980 701 4024 sensum
729 3960 1029 4041 postulare
1060 3961 1232 4036 dicit,
1263 3970 1327 4026 ut
1356 3962 1722 4044 significetur
1753 3962 1999 4044 aliquid,
2056 3962 2217 4042 quod
2242 3965 2461 4027 moles-

264 4076 385 4130 tum
420 4068 498 4130 sit
522 4071 757 4131 homini
771 4114 792 4147 ,
837 4067 996 4149 quod
1040 4068 1252 4130 acerbe
1278 4070 1428 4132 ferat
1453 4077 1653 4134 homo.
1744 4071 1949 4151 Neque
1977 4052 2137 4132 enim
2161 4071 2226 4132 in
2257 4088 2330 4133 eo
2363 4072 2462 4150 qui

265 4174 359 4234 vel
391 4173 552 4254 quod
577 4172 832 4237 moleste
859 4175 971 4236 fert
1001 4175 1239 4255 aliquid,
1273 4176 1382 4238 sed
1415 4178 1640 4256 inipso
1670 4175 1922 4238 moleste
1949 4175 2197 4241 ferendo
2223 4179 2481 4240 tertium

267 4280 723 4359 comparationis
768 4280 1026 4359 positum
1053 4286 1175 4342 est.
1265 4280 1409 4344 ..lam
1452 4301 1588 4346 cum
1627 4283 1841 4344 nitrum
1884 4281 2098 4344 acerbe
2140 4283 2289 4345 ferat
2330 4297 2460 4342 ace-

259 4394 440 4456 trum·
464 4386 681 4467 quippe
725 4386 1080 4449 contrarium
1108 4385 1246 4447 sibi
1288 4393 1347 4449 et
1390 4406 1423 4450 a
1473 4405 1541 4450 se
1583 4387 1868 4458 alienum,
1917 4406 2092 4451 nemo
2135 4406 2256 4450 non
2281 4384 2456 4456 videt,

261 4491 636 4587 aptissimum
679 4508 816 4555 esse
859 4492 994 4555 nitri
1057 4489 1466 4572 significatum.
1572 4492 1814 4565 Fusius,
1867 4501 1929 4556 ut
1972 4493 2156 4564 solet,
2216 4509 2460 4556 sensum
2549 4497 2554 4503 '

2660 2803 2697 2833 Χ
2748 2836 2751 2841 .

2744 2856 2751 2871 ι
